@article{anderson2009,
  title={Weather-related mortality: how heat, cold, and heat waves affect mortality in the United States},
  author={Anderson, Brooke G and Bell, Michelle L},
  journal={Epidemiology (Cambridge, Mass.)},
  volume={20},
  number={2},
  pages={205},
  year={2009},
  publisher={NIH Public Access}
}

@article{basu2002,
  title={Relation between elevated ambient temperature and mortality: a review of the epidemiologic evidence},
  author={Basu, Rupa and Samet, Jonathan M},
  journal={Epidemiologic reviews},
  volume={24},
  number={2},
  pages={190--202},
  year={2002},
  publisher={Oxford University Press}
}

@article{basu2009,
  title={High ambient temperature and mortality: a review of epidemiologic studies from 2001 to 2008},
  author={Basu, Rupa},
  journal={Environmental health},
  volume={8},
  pages={1--13},
  year={2009},
  publisher={Springer}
}

@article{el2007,
  title={Modelling the spatial distribution of five natural hazards in the context of the {WHO/EMRO} atlas of Disaster Risk as a step towards the reduction of the health impact related to disasters},
  author={El Morjani, Zine El Abidine and Ebener, Steeve and Boos, John and Abdel Ghaffar, Eman and Musani, Altaf},
  journal={International journal of health geographics},
  volume={6},
  number={1},
  pages={1--28},
  year={2007},
  publisher={BioMed Central}
}

@article{henschel1969,
  title={An analysis of the heat deaths in {S}t. {L}ouis during {J}uly, 1966.},
  author={Henschel, Austin and Burton, Linda L and Margolies, Leonard and Smith, J Earl},
  journal={American Journal of Public Health and the Nations Health},
  volume={59},
  number={12},
  pages={2232--2242},
  year={1969},
  publisher={American Public Health Association}
}

@article{huth2000,
  title={A GCM simulation of heat waves, dry spells, and their relationships to circulation},
  author={Huth, Radan and Kysel{\`y}, Jan and Pokorn{\'a}, Lucie},
  journal={Climatic Change},
  volume={46},
  number={1-2},
  pages={29--60},
  year={2000},
  publisher={Springer}
}

@article{karl1997,
  title={The 1995 Chicago heat wave: {H}ow likely is a recurrence?},
  author={Karl, Thomas R and Knight, Richard W},
  journal={Bulletin of the American Meteorological Society},
  volume={78},
  number={6},
  pages={1107--1120},
  year={1997},
  publisher={American Meteorological Society}
}

@article{kysely2010,
  title={Recent severe heat waves in central Europe: how to view them in a long-term prospect?},
  author={Kysel{\`y}, Jan},
  journal={International Journal of Climatology: A Journal of the Royal Meteorological Society},
  volume={30},
  number={1},
  pages={89--109},
  year={2010},
  publisher={Wiley Online Library}
}

@incollection{mcmichael1996,
  author={McMichael, Anthony J and Haines, JA and Slooff, Rudolf and Sari Kovats, R and World Health Organization and others},
  booktitle={Climate change and human health},
  publisher={World Meteorological Organization},
  year={1996}
}

@misc{nws2011,
  title={Meteorological Conversions and Calculations: Heat Index Calculator},
  author={NWS (National Weather Service)},
  year={2011},
  howpublished = {\url{https://www.wpc.ncep.noaa.gov/html/heatindex.shtml}},
  note = {{L}ast {A}ccessed: 2023-05-09}
}

@article{steadman1984,
  title={A universal scale of apparent temperature},
  author={Steadman, Robert G},
  journal={Journal of Applied Meteorology and Climatology},
  volume={23},
  number={12},
  pages={1674--1687},
  year={1984}
}